@Article{Vermaseren:1994je,
    author    = "Vermaseren, J. A. M.",
    title     = "{Axodraw}",
    journal   = "Comput. Phys. Commun.",
    volume    = "83",
    year      = "1994",
    pages     = "45--58",
    doi       = "10.1016/0010-4655(94)90034-5",
    SLACcitation  = "%%CITATION = CPHCB,83,45;%%"
}

@Article{Mastrolia:2010nb,
  author    = "Mastrolia, P. and Ossola, G. and Reiter, T. and Tramontano, F.",
  title     = "{Scattering AMplitudes from Unitarity-based Reduction
                Algorithm at the Integrand-level}",
  journal   = "JHEP",
  volume    = "08",
  year      = "2010",
  pages     = "080",
  eprint    = "1006.0710",
  archivePrefix = "arXiv",
  primaryClass  =  "hep-ph",
  doi       = "10.1007/JHEP08(2010)080",
  SLACcitation  = "%%CITATION = 1006.0710;%%"
}

@Article{Vermaseren:2000nd,
  author    = "Vermaseren, J. A. M.",
  title     = "{New features of FORM}",
  year      = "2000",
  eprint    = "math-ph/0010025",
  archivePrefix = "arXiv",
  SLACcitation  = "%%CITATION = MATH-PH/0010025;%%"
}

@Article{Nogueira:1991ex,
    author    = "Nogueira, Paulo",
    title     = "{Automatic Feynman graph generation}",
    journal   = "J. Comput. Phys.",
    volume    = "105",
    year      = "1993",
    pages     = "279-289",
    doi       = "10.1006/jcph.1993.1074",
    SLACcitation  = "%%CITATION = JCTPA,105,279;%%"
}

@Article{Christensen:2008py,
   author    = "Christensen, Neil D. and Duhr, Claude",
   title     = "{FeynRules - Feynman rules made easy}",
   journal   = "Comput. Phys. Commun.",
   volume    = "180",
   year      = "2009",
   pages     = "1614-1641",
   eprint    = "0806.4194",
   archivePrefix = "arXiv",
   primaryClass  =  "hep-ph",
   doi       = "10.1016/j.cpc.2009.02.018",
   SLACcitation  = "%%CITATION = 0806.4194;%%"
}
@article{Gleisberg:2003ue,
      author         = "Gleisberg, Tanju and Krauss, Frank and Matchev,
                        Konstantin T. and Schalicke, Andreas and Schumann, Steffen
                        and others",
      title          = "{Helicity formalism for spin-2 particles}",
      journal        = "JHEP",
      volume         = "0309",
      pages          = "001",
      doi            = "10.1088/1126-6708/2003/09/001",
      year           = "2003",
      eprint         = "hep-ph/0306182",
      archivePrefix  = "arXiv",
      primaryClass   = "hep-ph",
      reportNumber   = "UFIFT-HEP-03-9, CLNS-03-1829, CERN-TH-2003-135",
      SLACcitation   = "%%CITATION = HEP-PH/0306182;%%",
}
@article{Greiner:2013gca,
      author         = "Greiner, Nicolas and Heinrich, Gudrun and Reichel, Joscha
                        and von Soden-Fraunhofen, Johann Felix",
      title          = "{NLO QCD Corrections to Diphoton Plus Jet Production
                        through Graviton Exchange}",
      journal        = "JHEP",
      volume         = "1311",
      pages          = "028",
      doi            = "10.1007/JHEP11(2013)028",
      year           = "2013",
      eprint         = "1308.2194",
      archivePrefix  = "arXiv",
      primaryClass   = "hep-ph",
      reportNumber   = "MPP-2013-226",
      SLACcitation   = "%%CITATION = ARXIV:1308.2194;%%",
}
@article{ArkaniHamed:1998rs,
      author         = "Arkani-Hamed, Nima and Dimopoulos, Savas and Dvali, G.R.",
      title          = "{The Hierarchy problem and new dimensions at a
                        millimeter}",
      journal        = "Phys.Lett.",
      volume         = "B429",
      pages          = "263-272",
      doi            = "10.1016/S0370-2693(98)00466-3",
      year           = "1998",
      eprint         = "hep-ph/9803315",
      archivePrefix  = "arXiv",
      primaryClass   = "hep-ph",
      reportNumber   = "SLAC-PUB-7769, SU-ITP-98-13",
      SLACcitation   = "%%CITATION = HEP-PH/9803315;%%",
}
@article{Han:1998sg,
      author         = "Han, Tao and Lykken, Joseph D. and Zhang, Ren-Jie",
      title          = "{On Kaluza-Klein states from large extra dimensions}",
      journal        = "Phys.Rev.",
      volume         = "D59",
      pages          = "105006",
      doi            = "10.1103/PhysRevD.59.105006",
      year           = "1999",
      eprint         = "hep-ph/9811350",
      archivePrefix  = "arXiv",
      primaryClass   = "hep-ph",
      reportNumber   = "MADPH-98-1092, FERMILAB-PUB-98-364",
      SLACcitation   = "%%CITATION = HEP-PH/9811350;%%",
}

@techreport{Malcolm:1970,
  author = {Malcolm, Michael A.},
  title = {An algorithm for floating-point accumulation of sums
	   with small relative error},
  year = {1970},
  publisher = {Stanford University},
  institution = {Stanford University},
  address = {Stanford, CA, USA},
}

@article{Heinrich:2010ax,
  author         = "Heinrich, G. and Ossola, G. and Reiter, T. and
                    Tramontano, F.",
  title          = "{Tensorial Reconstruction at the Integrand Level}",
  journal        = "JHEP",
  volume         = "1010",
  pages          = "105",
  doi            = "10.1007/JHEP10(2010)105",
  year           = "2010",
  eprint         = "1008.2441",
  archivePrefix  = "arXiv",
  primaryClass   = "hep-ph",
}

@Article{Ohl:1995kr,
    author    = "Ohl, Thorsten",
    title     = "{Drawing Feynman diagrams with Latex and Metafont}",
    journal   = "Comput. Phys. Commun.",
    volume    = "90",
    year      = "1995",
    pages     = "340--354",
    eprint    = "hep-ph/9505351",
    archivePrefix = "arXiv",
    doi       = "10.1016/0010-4655(95)90137-S",
    SLACcitation  = "%%CITATION = HEP-PH/9505351;%%"
}

@article{Reiter:2009kb,
   author         = "Reiter, Thomas",
   title          = "{Automated Evaluation of One-Loop Six-Point Processes for
                      the LHC}",
   year           = "2009",
   eprint         = "0903.0947",
   archivePrefix  = "arXiv",
   primaryClass   = "hep-ph",
}

@article{Reiter:2009ts,
    author         = "Reiter, Thomas",
    title          = "{Optimising Code Generation with haggies}",
    journal        = "Comput.Phys.Commun.",
    volume         = "181",
    pages          = "1301-1331",
    doi            = "10.1016/j.cpc.2010.01.012",
    year           = "2010",
    eprint         = "0907.3714",
    archivePrefix  = "arXiv",
    primaryClass   = "hep-ph",
}

@BOOK{Boehm:2001,
  title = {Gauge Theories of the Strong and Electroweak Interaction},
  publisher = {Teubner},
  year = {2001},
  author = {B{\"o}hm, Manfred and Denner, Ansgar and Joos, Hans},
  address = {Stuttgart and Leipzig and Wiesbaden},
  edition = {3rd}
}

@article{Cullen:2011kv,
   author         = "Cullen, G. and Guillet, J.Ph. and Heinrich, G. and
                     Kleinschmidt, T. and Pilon, E. and others",
   title          = "{Golem95C: A library for one-loop integrals with complex
                      masses}",
   journal        = "Comput.Phys.Commun.",
   volume         = "182",
   pages          = "2276-2284",
   doi            = "10.1016/j.cpc.2011.05.015",
   year           = "2011",
   eprint         = "1101.5595",
   archivePrefix  = "arXiv",
   primaryClass   = "hep-ph",
}


@ARTICLE{Golem95:2008,
  author    = "Binoth, T. and Guillet, J. -Ph. and Heinrich, G. and Pilon,
               E. and Reiter, T.",
  title     = "{Golem95: a numerical program to calculate one-loop tensor
                integrals with up to six external legs}",
  journal   = "Comput. Phys. Commun.",
  volume    = "180",
  year      = "2009",
  pages     = "2317--2330",
  eprint    = "0810.0992",
  archivePrefix = "arXiv",
  primaryClass  =  "hep-ph",
  doi       = "10.1016/j.cpc.2009.06.024",
  SLACcitation  = "%%CITATION = 0810.0992;%%"
}

@article{Binoth:2010xt,
   author         = "Binoth, T. and Boudjema, F. and Dissertori, G. and
                        Lazopoulos, A. and Denner, A. and others",
   title          = "{A Proposal for a standard interface between Monte Carlo
                        tools and one-loop programs}",
   journal        = "Comput.Phys.Commun.",
   volume         = "181",
   pages          = "1612-1622",
   doi            = "10.1016/j.cpc.2010.05.016",
   year           = "2010",
   note           = "Dedicated to the memory of, and in tribute to, Thomas
                     Binoth, who led the effort to develop this proposal for
                     Les Houches 2009",
   eprint         = "1001.1307",
   archivePrefix  = "arXiv",
   primaryClass   = "hep-ph",
}

@Article{Fleischer:2010sq,
    author    = "Fleischer, J. and Riemann, T.",
    title     = "{A complete algebraic reduction of one-loop tensor Feynman
                  integrals}",
    journal   = "Phys. Rev.",
    volume    = "D83",
    year      = "2011",
    pages     = "073004",
    eprint    = "1009.4436",
    archivePrefix = "arXiv",
    primaryClass  =  "hep-ph",
    doi       = "10.1103/PhysRevD.83.073004",
    SLACcitation  = "%%CITATION = 1009.4436;%%"
}

@PHDThesis{Yundin:2011,
    author    = "Valery Yundin",
    title     = "*** Working Title ***",
    school    = "DESY Zeuthen",
    year      = "2011",
    note      = "PhD thesis"
}
@article{Degrande:2011ua,
      author         = "Degrande, Celine and Duhr, Claude and Fuks, Benjamin and
                        Grellscheid, David and Mattelaer, Olivier and others",
      title          = "{UFO - The Universal FeynRules Output}",
      journal        = "Comput.Phys.Commun.",
      volume         = "183",
      pages          = "1201-1214",
      doi            = "10.1016/j.cpc.2012.01.022",
      year           = "2012",
      eprint         = "1108.2040",
      archivePrefix  = "arXiv",
      primaryClass   = "hep-ph",
      reportNumber   = "CP3-11-25, IPHC-PHENO-11-04, IPPP-11-39, DCPT-11-78,
                        MPP-2011-68",
      SLACcitation   = "%%CITATION = ARXIV:1108.2040;%%",
}
@article{Semenov:2010qt,
      author         = "Semenov, A.",
      title          = "{LanHEP - a package for automatic generation of Feynman
                        rules from the Lagrangian. Updated version 3.1}",
      year           = "2010",
      eprint         = "1005.1909",
      archivePrefix  = "arXiv",
      primaryClass   = "hep-ph",
}
@article{Ossola:2008xq,
   author         = "Ossola, Giovanni and Papadopoulos, Costas G. and Pittau,
                     Roberto",
   title          = "{On the Rational Terms of the one-loop amplitudes}",
   journal        = "JHEP",
   volume         = "0805",
   pages          = "004",
   doi            = "10.1088/1126-6708/2008/05/004",
   year           = "2008",
   eprint         = "0802.1876",
   archivePrefix  = "arXiv",
   primaryClass   = "hep-ph",
}
@article{Mastrolia:2012bu,
      author         = "Mastrolia, Pierpaolo and Mirabella, Edoardo and Peraro,
                        Tiziano",
      title          = "{Integrand reduction of one-loop scattering amplitudes
                        through Laurent series expansion}",
      journal        = "JHEP",
      volume         = "1206",
      pages          = "095",
      doi            = "10.1007/JHEP11(2012)128, 10.1007/JHEP06(2012)095",
      year           = "2012",
      eprint         = "1203.0291",
      archivePrefix  = "arXiv",
      primaryClass   = "hep-ph",
      reportNumber   = "MPI-2012-51",
      SLACcitation   = "%%CITATION = ARXIV:1203.0291;%%",
}
@article{Kuipers:2012rf,
      author         = "Kuipers, J. and Ueda, T. and Vermaseren, J.A.M. and
                        Vollinga, J.",
      title          = "{FORM version 4.0}",
      year           = "2012",
      eprint         = "1203.6543",
      archivePrefix  = "arXiv",
      primaryClass   = "cs.SC",
      SLACcitation   = "%%CITATION = ARXIV:1203.6543;%%",
}
@article{Alioli:2013nda,
      author         = "Alioli, S. and Badger, S. and Bellm, J. and Biedermann,
                        B. and Boudjema, F. and others",
      title          = "{Update of the Binoth Les Houches Accord for a standard
                        interface between Monte Carlo tools and one-loop
                        programs}",
      journal        = "Comput.Phys.Commun.",
      volume         = "185",
      pages          = "560-571",
      doi            = "10.1016/j.cpc.2013.10.020",
      year           = "2014",
      eprint         = "1308.3462",
      archivePrefix  = "arXiv",
      primaryClass   = "hep-ph",
      reportNumber   = "MPP-2013-237",
      SLACcitation   = "%%CITATION = ARXIV:1308.3462;%%",
}
@article{Binoth:2005ff,
      author         = "Binoth, T. and Guillet, J. Ph. and Heinrich, G. and
                        Pilon, E. and Schubert, C.",
      title          = "{An Algebraic/numerical formalism for one-loop multi-leg
                        amplitudes}",
      journal        = "JHEP",
      volume         = "0510",
      pages          = "015",
      doi            = "10.1088/1126-6708/2005/10/015",
      year           = "2005",
      eprint         = "hep-ph/0504267",
      archivePrefix  = "arXiv",
      primaryClass   = "hep-ph",
      reportNumber   = "LAPTH-1097-05, WUE-ITP-2005-003, ZU-TH-08-05",
      SLACcitation   = "%%CITATION = HEP-PH/0504267;%%",
}
@article{Denner:2005fg,
      author         = "Denner, Ansgar and Dittmaier, S. and Roth, M. and
                        Wieders, L.H.",
      title          = "{Electroweak corrections to charged-current $e^+ e^- \to 4$
                         fermion processes: Technical details and further
                        results}",
      journal        = "Nucl.Phys.",
      volume         = "B724",
      pages          = "247-294",
      doi            = "10.1016/j.nuclphysb.2011.09.001,
                        10.1016/j.nuclphysb.2005.06.033",
      year           = "2005",
      eprint         = "hep-ph/0505042",
      archivePrefix  = "arXiv",
      primaryClass   = "hep-ph",
      reportNumber   = "MPP-2005-23, PSI-PR-05-05",
      SLACcitation   = "%%CITATION = HEP-PH/0505042;%%",
}
@article{Guillet:2013msa,
    author = "Guillet, J. Ph. and Heinrich, G. and von Soden-Fraunhofen, J. F.",
    title = "{Tools for NLO automation: extension of the golem95C integral library}",
    eprint = "1312.3887",
    archivePrefix = "arXiv",
    primaryClass = "hep-ph",
    reportNumber = "LAPTH-072-13, MPP-2013-314",
    doi = "10.1016/j.cpc.2014.03.009",
    journal = "Comput. Phys. Commun.",
    volume = "185",
    pages = "1828--1834",
    year = "2014"
}

@article{vanDeurzen:2013saa,
      author         = "van Deurzen, Hans and Luisoni, Gionata and Mastrolia,
                        Pierpaolo and Mirabella, Edoardo and Ossola, Giovanni and
                        others",
      title          = "{Multi-leg One-loop Massive Amplitudes from Integrand
                        Reduction via Laurent Expansion}",
      year           = "2013",
      eprint         = "1312.6678",
      archivePrefix  = "arXiv",
      primaryClass   = "hep-ph",
      SLACcitation   = "%%CITATION = ARXIV:1312.6678;%%",
}
@article{vanDeurzen:2013pja,
      author         = "van Deurzen, Hans",
      title          = "{Associated Higgs Production at NLO with GoSam}",
      journal        = "Acta Phys.Polon.",
      number         = "11",
      volume         = "B44",
      pages          = "2223-2230",
      doi            = "10.5506/APhysPolB.44.2223",
      year           = "2013",
      SLACcitation   = "%%CITATION = APPOA,B44,2223;%%",
}
@Article{Ossola:2007ax,
    author    = "Ossola, Giovanni and Papadopoulos, Costas G. and Pittau,
                  Roberto",
     title     = "{CutTools: a program implementing the OPP reduction method
                  to compute one-loop amplitudes}",
     journal   = "JHEP",
     volume    = "03",
     year      = "2008",
     pages     = "042",
     eprint    = "0711.3596",
     archivePrefix = "arXiv",
     primaryClass  =  "hep-ph",
     doi       = "10.1088/1126-6708/2008/03/042",
     SLACcitation  = "%%CITATION = 0711.3596;%%"
}
@article{Platzer:2011bc,
      author         = "Pl{\"a}tzer, Simon and Gieseke, Stefan",
      title          = "{Dipole Showers and Automated NLO Matching in Herwig++}",
      journal        = "Eur.Phys.J.",
      volume         = "C72",
      pages          = "2187",
      doi            = "10.1140/epjc/s10052-012-2187-7",
      year           = "2012",
      eprint         = "1109.6256",
      archivePrefix  = "arXiv",
      primaryClass   = "hep-ph",
      reportNumber   = "DESY-11-162, KA-TP-24-2011, HERWIG-11-01, MCNET-11-24",
      SLACcitation   = "%%CITATION = ARXIV:1109.6256;%%",
}
@article{Bellm:2013lba,
      author         = "Bellm, J. and Gieseke, S. and Grellscheid, D. and
                        Papaefstathiou, A. and Pl{\"a}tzer, S. and others",
      title          = "{Herwig++ 2.7 Release Note}",
      year           = "2013",
      eprint         = "1310.6877",
      archivePrefix  = "arXiv",
      primaryClass   = "hep-ph",
      reportNumber   = "IPPP-13-88, MCNET-13-15, DCPT-13-176, DESY-13-186,
                        KA-TP-31-2013,  --ZU-TH-23-13",
      SLACcitation   = "%%CITATION = ARXIV:1310.6877;%%",
}
@article{Bahr:2008pv,
      author         = "B{\"a}hr, M. and Gieseke, S. and Gigg, M.A. and Grellscheid,
                        D. and Hamilton, K. and others",
      title          = "{Herwig++ Physics and Manual}",
      journal        = "Eur.Phys.J.",
      volume         = "C58",
      pages          = "639-707",
      doi            = "10.1140/epjc/s10052-008-0798-9",
      year           = "2008",
      eprint         = "0803.0883",
      archivePrefix  = "arXiv",
      primaryClass   = "hep-ph",
      reportNumber   = "CERN-PH-TH-2008-038, CAVENDISH-HEP-08-03, KA-TP-05-2008,
                        DCPT-08-22, IPPP-08-11, CP3-08-05",
      SLACcitation   = "%%CITATION = ARXIV:0803.0883;%%",
}
@misc{LesHouches2013,
      howpublished   = "Proceedings of the Les Houches  2013 workshop on Physics at TeV colliders",
      year           = "2014",
}
@misc{SherpaDocu,
      howpublished         = "https://sherpa.hepforge.org/doc/SHERPA-MC-2.1.0.html",
}
@misc{gosamproc,
      howpublished         = "http://gosam.hepforge.org/proc/",
}
@article{Binoth:2006hk,
      author         = "Binoth, T. and Guillet, J. Ph. and Heinrich, G.",
      title          = "{Algebraic evaluation of rational polynomials in one-loop
                        amplitudes}",
      journal        = "JHEP",
      volume         = "0702",
      pages          = "013",
      doi            = "10.1088/1126-6708/2007/02/013",
      year           = "2007",
      eprint         = "hep-ph/0609054",
      archivePrefix  = "arXiv",
      primaryClass   = "hep-ph",
      reportNumber   = "EDINBURGH-2006-21, LAPTH-1160-06, ZU-TH-19-06",
      SLACcitation   = "%%CITATION = HEP-PH/0609054;%%",
}
@article{Peraro:2014cba,
      author         = "Peraro, Tiziano",
      title          = "{Ninja: Automated Integrand Reduction via Laurent
                        Expansion for One-Loop Amplitudes}",
      year           = "2014",
      eprint         = "1403.1229",
      archivePrefix  = "arXiv",
      primaryClass   = "hep-ph",
      reportNumber   = "MPP-2014-50",
      SLACcitation   = "%%CITATION = ARXIV:1403.1229;%%",
}
@article{Badger:2010nx,
      author         = "Badger, Simon and Biedermann, Benedikt and Uwer, Peter",
      title          = "{NGluon: A Package to Calculate One-loop Multi-gluon
                        Amplitudes}",
      journal        = "Comput.Phys.Commun.",
      volume         = "182",
      pages          = "1674-1692",
      doi            = "10.1016/j.cpc.2011.04.008",
      year           = "2011",
      eprint         = "1011.2900",
      archivePrefix  = "arXiv",
      primaryClass   = "hep-ph",
      reportNumber   = "DESY-10-200, HU-EP-10-74, SFB-CPP-10-109",
      SLACcitation   = "%%CITATION = ARXIV:1011.2900;%%",
}
@article{Catani:2000ef,
      author         = "Catani, Stefano and Dittmaier, Stefan and Trocsanyi,
                        Zoltan",
      title          = "{One loop singular behavior of QCD and SUSY QCD
                        amplitudes with massive partons}",
      journal        = "Phys.Lett.",
      volume         = "B500",
      pages          = "149-160",
      doi            = "10.1016/S0370-2693(01)00065-X",
      year           = "2001",
      eprint         = "hep-ph/0011222",
      archivePrefix  = "arXiv",
      primaryClass   = "hep-ph",
      reportNumber   = "CERN-TH-2000-336, BI-TP-2000-29",
      SLACcitation   = "%%CITATION = HEP-PH/0011222;%%",
}
@article{Skands:2003cj,
      author         = "Skands, Peter Z. and Allanach, B.C. and Baer, H. and
                        Balazs, C. and Belanger, G. and others",
      title          = "{SUSY Les Houches accord: Interfacing SUSY spectrum
                        calculators, decay packages, and event generators}",
      journal        = "JHEP",
      volume         = "0407",
      pages          = "036",
      doi            = "10.1088/1126-6708/2004/07/036",
      year           = "2004",
      eprint         = "hep-ph/0311123",
      archivePrefix  = "arXiv",
      primaryClass   = "hep-ph",
      reportNumber   = "LU-TP-03-39, SHEP-03-24, CERN-TH-2003-204, ZU-TH-15-03,
                        LMU-19-03, DCPT-03-108, IPPP-03-54, CTS-IISC-2003-07,
                        DESY-03-166, MPP-2003-111",
      SLACcitation   = "%%CITATION = HEP-PH/0311123;%%",
}
@article{Beringer:1900zz,
      author         = "Beringer, J. and others",
      title          = "{Review of Particle Physics (RPP)}",
      collaboration  = "Particle Data Group",
      journal        = "Phys.Rev.",
      volume         = "D86",
      pages          = "010001",
      doi            = "10.1103/PhysRevD.86.010001",
      year           = "2012",
      SLACcitation   = "%%CITATION = PHRVA,D86,010001;%%",
}
@article{pdg,
      author         = "{http://pdg.lbl.gov}",
      title          = "",
      collaboration  = "Particle Data Group",
      year           = "2013"
}
@article{Cullen:2011ac,
      author         = "Cullen, Gavin and Greiner, Nicolas and Heinrich, Gudrun
                        and Luisoni, Gionata and Mastrolia, Pierpaolo and others",
      title          = "{Automated One-Loop Calculations with GoSam}",
      journal        = "Eur.Phys.J.",
      volume         = "C72",
      pages          = "1889",
      doi            = "10.1140/epjc/s10052-012-1889-1",
      year           = "2012",
      eprint         = "1111.2034",
      archivePrefix  = "arXiv",
      primaryClass   = "hep-ph",
      reportNumber   = "CERN-PH-TH-2011-272, MPP-2011-132, DESY-11-203,
                        IPPP-11-72, DCPT-11-144, EDINBURGH-2011-32",
      SLACcitation   = "%%CITATION = ARXIV:1111.2034;%%",
}
@article{Cullen:2014yla,
      author         = "Cullen, Gavin and van Deurzen, Hans and Greiner, Nicolas
                        and Heinrich, Gudrun and Luisoni, Gionata and others",
      title          = "{G$\scriptsize{O}$S$\scriptsize{AM}$-2.0: a tool for
                        automated one-loop calculations within the Standard Model
                        and beyond}",
      journal        = "Eur.Phys.J.",
      number         = "8",
      volume         = "C74",
      pages          = "3001",
      doi            = "10.1140/epjc/s10052-014-3001-5",
      year           = "2014",
      eprint         = "1404.7096",
      archivePrefix  = "arXiv",
      primaryClass   = "hep-ph",
      reportNumber   = "DESY-14-061, MPP-2014-145",
      SLACcitation   = "%%CITATION = ARXIV:1404.7096;%%",
}

@article{GoSam3,
    author = "Braun, Jens and Campillo, Benjamin and Heinrich, Gudrun and H{\"o}fer, Marius and Jones, Stephen~P. and Kerner, Matthias and Lang, Jannis and Magerya, Vitaly ",
    title = "{GoSam-3.0, to appear}",
    year = "2025"
}

@article{Kilian:2007gr,
    author = "Kilian, Wolfgang and Ohl, Thorsten and Reuter, Jurgen",
    title = "{WHIZARD: Simulating Multi-Particle Processes at LHC and ILC}",
    eprint = "0708.4233",
    archivePrefix = "arXiv",
    primaryClass = "hep-ph",
    reportNumber = "DESY-11-126, EDINBURGH-2010-36, FR-PHENO-2010-037, SI-HEP-2010-18",
    doi = "10.1140/epjc/s10052-011-1742-y",
    journal = "Eur. Phys. J. C",
    volume = "71",
    pages = "1742",
    year = "2011"
}

@article{Moretti:2001zz,
    author = "Moretti, Mauro and Ohl, Thorsten and Reuter, Jurgen",
    editor = "Behnke, Ties and Bertolucci, S. and Heuer, Rolf D. and Miller, David and Richard, Francois and Settles, Ron and Telnov, V. and Zerwas, Peter",
    title = "{O'Mega: An Optimizing matrix element generator}",
    eprint = "hep-ph/0102195",
    archivePrefix = "arXiv",
    reportNumber = "IKDA-2001-06, LC-TOOL-2001-040",
    pages = "1981--2009",
    month = "2",
    year = "2001"
}

@inproceedings{Stienemeier:2021cse,
    author = {Stienemeier, Pascal and Bra\ss{}, Simon and Bredt, Pia and Kilian, Wolfgang and Kreher, Nils and Ohl, Thorsten and Reuter, J\"urgen and Rothe, Vincent and Striegl, Tobias},
    title = "{WHIZARD 3.0: Status and News}",
    booktitle = "{International Workshop on Future Linear Colliders}",
    eprint = "2104.11141",
    archivePrefix = "arXiv",
    primaryClass = "hep-ph",
    reportNumber = "DESY-21-050",
    month = "4",
    year = "2021"
}

@article{Braun:2025hvr,
    author = {Braun, Jens and Bredt, Pia and Heinrich, Gudrun and H\"ofer, Marius},
    title = "{Double Higgs Production in Vector Boson Fusion at NLO QCD in HEFT}",
    eprint = "2502.09132",
    archivePrefix = "arXiv",
    primaryClass = "hep-ph",
    reportNumber = "KA-TP-03-2025, SI-HEP-2025-03, P3H-25-010",
    month = "2",
    year = "2025"
}

@article{Murayama:1992gi,
    author = "Murayama, H. and Watanabe, I. and Hagiwara, Kaoru",
    title = "{HELAS: HELicity amplitude subroutines for Feynman diagram evaluations}",
    reportNumber = "KEK-91-11",
    month = "1",
    year = "1992"
}

@article{Darme:2023jdn,
    author = "Darm\'e, Luc and others",
    title = "{UFO 2.0: the \textquoteleft{}Universal Feynman Output\textquoteright{} format}",
    eprint = "2304.09883",
    archivePrefix = "arXiv",
    primaryClass = "hep-ph",
    reportNumber = "BONN-TH-2023-03, DESY-23-051, FERMILAB-PUB-23-138-T, KA-TP-06-2023,
  MCNET-23-06, P3H-23-023, TIF-UNIMI-2023-11",
    doi = "10.1140/epjc/s10052-023-11780-9",
    journal = "Eur. Phys. J. C",
    volume = "83",
    number = "7",
    pages = "631",
    year = "2023"
}

@article{Buccioni:2019sur,
    author = {Buccioni, Federico and Lang, Jean-Nicolas and Lindert, Jonas M. and Maierh\"ofer, Philipp and Pozzorini, Stefano and Zhang, Hantian and Zoller, Max F.},
    title = "{OpenLoops 2}",
    eprint = "1907.13071",
    archivePrefix = "arXiv",
    primaryClass = "hep-ph",
    reportNumber = "IPPP/19/62, FR-PHENO-2019-12, PSI-PR-19-15, ZU-TH 37/19",
    doi = "10.1140/epjc/s10052-019-7306-2",
    journal = "Eur. Phys. J. C",
    volume = "79",
    number = "10",
    pages = "866",
    year = "2019"
}

